<?xml version="1.0" encoding="UTF-8"?><collection xmlns="http://www.loc.gov/MARC21/slim"><record><leader>00440nam--2200157-i-4500</leader><controlfield tag="001">000028305</controlfield><controlfield tag="002">20161230</controlfield><controlfield tag="005">20170113000317</controlfield><controlfield tag="008">060222s1000------------r-----000-0-eng-d</controlfield><datafield ind1=" " ind2=" " tag="080"><subfield code="a">53.08</subfield></datafield><datafield ind1=" " ind2=" " tag="100"><subfield code="a">Leinweber, Paul</subfield></datafield><datafield ind1=" " ind2=" " tag="245"><subfield code="a">Taschenbuch der langenmesstechnik fur konstruktion/werkstat/ messbraum und kontrolle</subfield></datafield><datafield ind1=" " ind2=" " tag="260"><subfield code="a">Berlin</subfield><subfield code="b">Springer-Verlag</subfield><subfield code="c">1954</subfield></datafield><datafield ind1=" " ind2=" " tag="300"><subfield code="a">XXIII + 808 p</subfield></datafield><datafield ind1=" " ind2=" " tag="852"><subfield code="a">10707</subfield></datafield><datafield ind1=" " ind2=" " tag="CAT"><subfield code="a">SYS</subfield><subfield code="c">20170113</subfield><subfield code="h">000317</subfield></datafield></record></collection>